<record xmlns='http://www.loc.gov/MARC21/slim'><leader>03233ctm a2200433Ia 4500</leader><controlfield tag='001'>4821057</controlfield><controlfield tag='005'>20200922140637.0</controlfield><controlfield tag='008'>060815s1249    ua            000 0 ara d</controlfield><datafield ind1=' ' ind2=' ' tag='035'><subfield code='a'>(OCoLC)ocm70895263</subfield></datafield><datafield ind1=' ' ind2=' ' tag='035'><subfield code='a'>4821057</subfield></datafield><datafield ind1=' ' ind2=' ' tag='040'><subfield code='a'>PUL</subfield><subfield code='c'>PUL</subfield><subfield code='e'>amremm</subfield></datafield><datafield ind1=' ' ind2=' ' tag='043'><subfield code='a'>n-us-nj</subfield><subfield code='a'>f-ua---</subfield></datafield><datafield ind1=' ' ind2=' ' tag='049'><subfield code='a'>PULL</subfield></datafield><datafield ind1='1' ind2=' ' tag='100'><subfield code='6'>880-01</subfield><subfield code='a'>Ibn al-Anbārī, Muḥammad ibn al-Qāsim,</subfield><subfield code='d'>885-940?</subfield><subfield code='0'>http://id.loc.gov/authorities/names/n82085884</subfield></datafield><datafield ind1='1' ind2='0' tag='245'><subfield code='6'>880-02</subfield><subfield code='a'>Khuṭbat ʻĀʼishah ... wa-tafsīr gharībihā wa-lughatihā.</subfield></datafield><datafield ind1=' ' ind2=' ' tag='260'><subfield code='a'>[Cairo,</subfield><subfield code='c'>1249?]</subfield></datafield><datafield ind1=' ' ind2=' ' tag='300'><subfield code='a'>2 + ii leaves :</subfield><subfield code='b'>paper ;</subfield><subfield code='c'>195 x 143 (160 x 112) mm.</subfield></datafield><datafield ind1=' ' ind2=' ' tag='500'><subfield code='a'>Ms. codex.</subfield></datafield><datafield ind1=' ' ind2=' ' tag='500'><subfield code='a'>Title from colophon (fol. 2b).</subfield></datafield><datafield ind1='8' ind2=' ' tag='520'><subfield code='a'>Short speech by ʻĀʼishah in defense of her father Abū Bakr, with a commentary by Abū Bakr [Muḥammad ibn al-Qāsim] ibn al-Anbārī (fol. 2a). The beginning of the text (fol. 1b, l. 3-4) has been tampered with.</subfield></datafield><datafield ind1=' ' ind2=' ' tag='500'><subfield code='a'>25 lines per page. Written in small naskh in black ink. Glazed dark cream paper with no lines visible. Foliation in pencil using Western numerals. These folios are fol. 195 and 196 of a larger ms. (see foliation in Arabic script). They are followed by two leaves of modern paper, blank except for a modern note in pencil on the author of the text on fol. 4b.</subfield></datafield><datafield ind1=' ' ind2=' ' tag='561'><subfield code='a'>Reading statement (samāʻ) by Ismāʻīl ibn Ibrāhīm ibn al-Khaṭīb Yaḥyá ibn ʻAbd al-Razzāq ibn Yaḥyá al-Maqdisī al-Shāfiʻī, read before ʻAbd al-ʻAẓīm ibn ʻAbd al-Qawī al-Mundhirī (d. 1258) in Cairo, Madrasat al-Kāmilīyah, Ramaḍān 647 [1249] (see beginning of text, fol. 1b and note at the end of the text, fol. 2b). Acquired from Abraham Shalom Yahuda, 1942.</subfield></datafield><datafield ind1=' ' ind2=' ' tag='563'><subfield code='a'>Unbound.</subfield></datafield><datafield ind1='4' ind2=' ' tag='510'><subfield code='a'>Mach, R. Yahuda,</subfield><subfield code='c'>4382</subfield></datafield><datafield ind1='4' ind2=' ' tag='510'><subfield code='a'>Munajjid, S.</subfield><subfield code='c'>RAAD, 37 (1962), p. 414sq.</subfield></datafield><datafield ind1=' ' ind2=' ' tag='541'><subfield code='c'>Gift ;</subfield><subfield code='a'>Robert Garrett, Class of 1897 ;</subfield><subfield code='d'>1942.</subfield></datafield><datafield ind1='0' ind2='0' tag='600'><subfield code='a'>ʻĀʼishah,</subfield><subfield code='d'>approximately 614-678.</subfield><subfield code='t'>Khuṭbah.</subfield></datafield><datafield ind1=' ' ind2='0' tag='650'><subfield code='a'>Muslim scholars</subfield><subfield code='z'>Egypt</subfield><subfield code='z'>Cairo</subfield><subfield code='x'>History</subfield><subfield code='y'>13th century</subfield><subfield code='v'>Sources.</subfield></datafield><datafield ind1=' ' ind2='0' tag='650'><subfield code='a'>Manuscripts, Arabic</subfield><subfield code='z'>New Jersey</subfield><subfield code='z'>Princeton.</subfield></datafield><datafield ind1=' ' ind2='7' tag='655'><subfield code='a'>Manuscripts, Arabic</subfield><subfield code='z'>Egypt</subfield><subfield code='z'>Cairo</subfield><subfield code='y'>13th century.</subfield><subfield code='2'>lcsh</subfield></datafield><datafield ind1=' ' ind2='7' tag='655'><subfield code='a'>Manuscripts, Arabic</subfield><subfield code='y'>13th century.</subfield><subfield code='2'>lcsh</subfield></datafield><datafield ind1='0' ind2='2' tag='700'><subfield code='a'>ʻĀʼishah,</subfield><subfield code='d'>approximately 614-678.</subfield><subfield code='t'>Khuṭbah.</subfield></datafield><datafield ind1='1' ind2=' ' tag='700'><subfield code='a'>Mundhirī, ʻAbd al-ʻAẓīm ibn ʻAbd al-Qawī,</subfield><subfield code='d'>1185-1258.</subfield><subfield code='0'>http://id.loc.gov/authorities/names/n85177161</subfield></datafield><datafield ind1='1' ind2=' ' tag='880'><subfield code='6'>100-01/r</subfield><subfield code='a'>ابن الانباري، محمد بن القاسم</subfield></datafield><datafield ind1='1' ind2='0' tag='880'><subfield code='6'>245-02/r</subfield><subfield code='a'>خطبة عائشة ... وتفسير غريبها ولغتها</subfield></datafield><datafield ind1=' ' ind2=' ' tag='880'><subfield code='6'>500-00/r</subfield><subfield code='a'>Incipit: اخبرنا شيخنا الحافظ المتقن ابو محمد عبد العظيم بن عبد القوي ... المنذري الشافعي ... قالا بلغ عايشة ... انّ قوماً ينالون من ابيها ... فارسلت الى ازفلة من الناس فلما حضروا استدلت ستارها ... ثم قالت ابي وما ابيه ابي</subfield></datafield><datafield ind1=' ' ind2=' ' tag='880'><subfield code='6'>500-00/r</subfield><subfield code='a'>Explicit: اي تعطف عليه وقولها تصدي له اي تعرّض له تمت خطبة عايشة</subfield></datafield><datafield ind1='4' ind2='1' tag='856'><subfield code='u'>http://arks.princeton.edu/ark:/88435/3j333231d</subfield></datafield><datafield ind1=' ' ind2=' ' tag='902'><subfield code='a'>ceb</subfield><subfield code='b'>o</subfield><subfield code='6'>t</subfield><subfield code='7'>m</subfield><subfield code='d'>v</subfield><subfield code='f'>0</subfield><subfield code='e'>20060815</subfield></datafield><datafield ind1='8' ind2=' ' tag='852'><subfield code='0'>5021976</subfield><subfield code='b'>hsvm</subfield><subfield code='h'>Islamic Manuscripts, Garrett no. 3875Y</subfield></datafield><datafield ind1='8' ind2=' ' tag='852'><subfield code='0'>9375007</subfield><subfield code='b'>elf1</subfield><subfield code='h'>Electronic Resource</subfield></datafield><datafield ind1=' ' ind2=' ' tag='959'><subfield code='a'>2006-08-15 09:14:16 +0000</subfield></datafield></record>
